@Article{clarkson2017population,
  doi = {10.3389/fmicb.2017.00490},
  url = {https://doi.org/10.3389%2Ffmicb.2017.00490},
  year = {2017},
  month = {apr},
  publisher = {Frontiers Media {SA}},
  volume = {8},
  author = {John P. Clarkson and Rachel J. Warmington and Peter G. Walley and Matthew Denton-Giles and Martin J. Barbetti and Guro Brodal and Berit Nordskog},
  title = {Population Structure of Sclerotinia subarctica and Sclerotinia sclerotiorum in England, Scotland and Norway},
  journal = {Frontiers in Microbiology},
}


@article{lehner2017independently,
  title={Independently founded populations of Sclerotinia sclerotiorum from a tropical and a temperate region have similar genetic structure},
  author={Lehner, Miller S and de Paula J{\'u}nior, Trazilbo J and Del Ponte, Emerson M and Mizubuti, Eduardo SG and Pethybridge, Sarah J},
  journal={PloS one},
  volume={12},
  number={3},
  pages={e0173915},
  doi={10.1371/journal.pone.0173915},
  year={2017},
  publisher={Public Library of Science}
}